% HOW TO USE WITH THIS CV FORMAT
% -----------------------------
% 1. Mark items with a "keyword" that specifies the type of item they will be grouped by within the CV
% 2. Call \printbibliography in main.tex with the class ('article', 'misc', etc.) and keyword to "select" only the items you want for that group of items


% Journals
% ######################################################### remove urldate field

@article{fu_community_2020,
	title = {Community evolutional network for situation awareness using social media},
	volume = {8},
	journal = {IEEE Access},
	author = {\textbf{Fu, Xiaokang} and Wang, Yandong and Li, Mengmeng and Dou, Mingxuan and Qiao, Mengling and Hu, Kai},
	year = {2020},
	note = {Publisher: IEEE},
	pages = {39225--39240},
	keywords={J},
}

@article{wang_inferring_2017,
	title = {Inferring urban air quality based on social media},
	volume = {66},
	journal = {Computers, Environment and Urban Systems},
	author = {Wang, Yan-dong and \textbf{Fu, Xiaokang} and Jiang, Wei and Wang, Teng and Tsou, Ming-Hsiang and Ye, Xin-yue},
	year = {2017},
	note = {Publisher: Elsevier},
	pages = {110--116},
	keywords={J},
}


@article{hu_human_2021,
	title = {Human mobility data in the {COVID}-19 pandemic: characteristics, applications, and challenges},
	volume = {14},
	issn = {1753-8947, 1753-8955},
	shorttitle = {Human mobility data in the {COVID}-19 pandemic},
	url = {https://www.tandfonline.com/doi/full/10.1080/17538947.2021.1952324},
	doi = {10.1080/17538947.2021.1952324},
	language = {en},
	number = {9},
	journal = {International Journal of Digital Earth},
	author = {Hu, Tao and Wang, Siqin and She, Bing and Zhang, Mengxi and Huang, Xiao and Cui, Yunhe and Khuri, Jacob and Hu, Yaxin and \textbf{Fu, Xiaokang} and Wang, Xiaoyue and Wang, Peixiao and Zhu, Xinyan and Bao, Shuming and Guan, Wendy and Li, Zhenlong},
	month = sep,
	year = {2021},
	pages = {1126--1147},
	keywords={J},
}

@article{zhang_human_2022,
	title = {Human mobility and {COVID}-19 transmission: a systematic review and future directions},
	volume = {28},
	issn = {1947-5683, 1947-5691},
	shorttitle = {Human mobility and {COVID}-19 transmission},
	url = {https://www.tandfonline.com/doi/full/10.1080/19475683.2022.2041725},
	doi = {10.1080/19475683.2022.2041725},
	language = {en},
	number = {4},
	journal = {Annals of GIS},
	author = {Zhang$^{\dagger}$, Mengxi and Wang$^{\dagger}$, Siqin and Hu$^{\dagger}$, Tao and \textbf{Fu$^{\dagger}$, Xiaokang} and Wang, Xiaoyue and Hu, Yaxin and Halloran, Briana and Li, Zhenlong and Cui, Yunhe and Liu, Haokun and Liu, Zhimin and Bao, Shuming},
	month = oct,
	year = {2022},
	pages = {501--514},
	keywords={J},
	addendum = {\\ -- \textbf{Best Paper Award (Annals of GIS, 2023)}}
}

@article{wang_spatial_2018,
	title = {Spatial distribution pattern of the customer count and satisfaction of commercial facilities based on social network review data in {Beijing}, {China}},
	volume = {71},
	url = {https://www.sciencedirect.com/science/article/pii/S0198971517302843},
	journal = {Computers, Environment and Urban Systems},
	author = {Wang, Teng and Wang, Yandong and Zhao, Xiaoming and \textbf{Fu, Xiaokang}},
	year = {2018},
	note = {Publisher: Elsevier},
	pages = {88--97},
	keywords={J},
}

@article{wang_mapping_2024,
	title = {Mapping the landscape and roadmap of geospatial artificial intelligence ({GeoAI}) in quantitative human geography: {An} extensive systematic review},
	volume = {128},
	shorttitle = {Mapping the landscape and roadmap of geospatial artificial intelligence ({GeoAI}) in quantitative human geography},
	url = {https://www.sciencedirect.com/science/article/pii/S1569843224000888},
	journal = {International Journal of Applied Earth Observation and Geoinformation},
	author = {Wang, Siqin and Huang, Xiao and Liu, Pengyuan and Zhang, Mengxi and Biljecki, Filip and Hu, Tao and \textbf{Fu, Xiaokang} and Liu, Lingbo and Liu, Xintao and Wang, Ruomei},
	year = {2024},
	note = {Publisher: Elsevier},
	pages = {103734},
	keywords={J},
}

@article{zhang_precipitation_2019,
	title = {Precipitation projections using a spatiotemporally distributed method: a case study in the {Poyang} {Lake} watershed based on the {MRI}-{CGCM3}},
	volume = {23},
	shorttitle = {Precipitation projections using a spatiotemporally distributed method},
	url = {https://hess.copernicus.org/articles/23/1649/2019/},
	number = {3},
	journal = {Hydrology and Earth System Sciences},
	author = {Zhang, Ling and Chen, Xiaoling and Lu, Jianzhong and \textbf{Fu, Xiaokang} and Zhang, Yufang and Liang, Dong and Xu, Qiangqiang},
	year = {2019},
	note = {Publisher: Copernicus Publications Göttingen, Germany},
	pages = {1649--1666},
	keywords={J},
}

@article{liu_assessing_2022,
	title = {Assessing reliability of {Chinese} geotagged social media data for spatiotemporal representation of human mobility},
	volume = {11},
	url = {https://www.mdpi.com/2220-9964/11/2/145},
	number = {2},
	journal = {ISPRS International Journal of Geo-Information},
	author = {Liu, Lingbo and Wang, Ru and Guan, Weihe Wendy and Bao, Shuming and Yu, Hanchen and \textbf{Fu, Xiaokang} and Liu, Hongqiang},
	year = {2022},
	note = {Publisher: MDPI},
	pages = {145},
	keywords={J},
}

@article{liu_elevating_2024,
	title = {Elevating the {RRE} {Framework} for {Geospatial} {Analysis} with {Visual} {Programming} {Platforms}: {An} {Exploration} with {Geospatial} {Analytics} {Extension} for {KNIME}},
	volume = {130},
	shorttitle = {Elevating the {RRE} {Framework} for {Geospatial} {Analysis} with {Visual} {Programming} {Platforms}},
	url = {https://www.sciencedirect.com/science/article/pii/S1569843224003029},
	journal = {International Journal of Applied Earth Observation and Geoinformation},
	author = {Liu, Lingbo and Wang, Fahui and \textbf{Fu, Xiaokang} and Kötter, Tobias and Sturm, Kevin and Guan, Weihe Wendy and Bao, Shuming},
	year = {2024},
	note = {Publisher: Elsevier},
	pages = {103948},
	keywords={J},
}

@article{fu_advancing_2024,
	title = {Advancing replicable and reproducible giscience: {An} approach with {KNIME}},
	url = {https://doi.org/10.1080/15230406.2024.2446556},
	doi = {10.1080/15230406.2024.2446556},
	journal = {Cartography and Geographic Information Science},
	author = {\textbf{Fu, Xiaokang} and Lingbo, Liu and Guan, Weihe and Kalra, Yogya and Bao, Shuming and Kötter, Tobias and Sturm, Kevin},
	year = {2024},
	keywords = {/unread},
	keywords={J},
}

@article{jiang_using_2015,
	title = {Using social media to detect outdoor air pollution and monitor air quality index ({AQI}): a geo-targeted spatiotemporal analysis framework with {Sina} {Weibo} ({Chinese} {Twitter})},
	volume = {10},
	shorttitle = {Using social media to detect outdoor air pollution and monitor air quality index ({AQI})},
	url = {https://journals.plos.org/plosone/article?id=10.1371/journal.pone.0141185},
	number = {10},
	journal = {PloS one},
	author = {Jiang, Wei and Wang, Yandong and Tsou, Ming-Hsiang and \textbf{Fu, Xiaokang}},
	year = {2015},
	note = {Publisher: Public Library of Science San Francisco, CA USA},
	pages = {e0141185},
	keywords={J},
}

@article{hu_understanding_2019,
	title = {Understanding the topic evolution of scientific literatures like an evolving city: {Using} {Google} {Word2Vec} model and spatial autocorrelation analysis},
	volume = {56},
	shorttitle = {Understanding the topic evolution of scientific literatures like an evolving city},
	url = {https://www.sciencedirect.com/science/article/pii/S0306457318304199},
	number = {4},
	journal = {Information Processing \& Management},
	author = {Hu, Kai and Luo, Qing and Qi, Kunlun and Yang, Siluo and Mao, Jin and \textbf{Fu, Xiaokang} and Zheng, Jie and Wu, Huayi and Guo, Ya and Zhu, Qibing},
	year = {2019},
	note = {Publisher: Elsevier},
	pages = {1185--1203},
	keywords={J},
}


@article{zhang_stream_2017,
	title = {Stream flow simulation and verification in ungauged zones by coupling hydrological and hydrodynamic models: a case study of the {Poyang} {Lake} ungauged zone},
	volume = {21},
	shorttitle = {Stream flow simulation and verification in ungauged zones by coupling hydrological and hydrodynamic models},
	url = {https://hess.copernicus.org/articles/21/5847/2017/},
	number = {11},
	journal = {Hydrology and Earth System Sciences},
	author = {Zhang, Ling and Lu, Jianzhong and Chen, Xiaoling and Liang, Dong and \textbf{Fu, Xiaokang} and Sauvage, Sabine and Sanchez Perez, José-Miguel},
	year = {2017},
	note = {Publisher: Copernicus GmbH},
	pages = {5847--5861},
	keywords={J},
}


@article{wang_bibliometric_2021,
	title = {A bibliometric analysis and network visualisation of human mobility studies from 1990 to 2020: {Emerging} trends and future research directions},
	volume = {13},
	shorttitle = {A bibliometric analysis and network visualisation of human mobility studies from 1990 to 2020},
	url = {https://www.mdpi.com/2071-1050/13/10/5372},
	number = {10},
	journal = {Sustainability},
	author = {Wang, Siqin and Zhang, Mengxi and Hu, Tao and \textbf{Fu, Xiaokang} and Gao, Zhe and Halloran, Briana and Liu, Yan},
	year = {2021},
	note = {Publisher: MDPI},
	pages = {5372},
	keywords={J},
}


@article{wang_spatiotemporal_2021,
	title = {Spatiotemporal characteristics and factor analysis of {SARS}-{CoV}-2 infections among healthcare workers in {Wuhan}, {China}},
	volume = {110},
	url = {https://www.sciencedirect.com/science/article/pii/S0195670121000463},
	journal = {Journal of Hospital Infection},
	author = {Wang, Peixiao and Ren, Hui and Zhu, Xinyan and \textbf{Fu, Xiaokang} and Liu, Hongqiang and Hu, Tao},
	year = {2021},
	note = {Publisher: Elsevier},
	pages = {172--177},
	keywords={J},
}


@article{wang_new_2020,
	title = {A {New} {Method} to {Detect} the {Development} {Situation} of {Disasters} {Based} on {Social} {Media} {Co}-word {Network}},
	volume = {45},
	url = {http://ch.whu.edu.cn/en/article/doi/10.13203/j.whugis20190054},
	number = {5},
	journal = {Geomatics and Information Science of Wuhan University},
	author = {Wang, Yandong and Li, Mengmeng and \textbf{Fu, Xiaokang} and Shao, Shiwei and Liu, Hui},
	year = {2020},
	pages = {691--698},
	keywords={J},
}


@article{wang_new_2018,
	title = {A new social media topic mining method based on co-word network},
	volume = {43},
	url = {http://ch.whu.edu.cn/en/article/doi/10.13203/j.whugis20180225},
	number = {12},
	journal = {Geomatics and Information Science of Wuhan University},
	author = {Wang Yandong and \textbf{Fu, Xiaokang} and Li, Mengmeng},
	year = {2018},
	pages = {2287--2294},
	keywords={J},
}


@article{wang_modeling_2017,
	title = {Modeling urban air quality trend surface using social media data},
	volume = {42},
	url = {http://ch.whu.edu.cn/en/article/doi/10.13203/j.whugis20150401},
	number = {1},
	journal = {Geomatics and Information Science of Wuhan University},
	author = {Wang, Yandong and Jing, Tong and Jiang, Wei and Wang, Teng and \textbf{Fu, Xiaokang}},
	year = {2017},
	pages = {14--20},
	keywords={J},
}


@article{jiang_using_2016,
	title = {Using geo-targeted social media data to detect outdoor air pollution},
	volume = {41},
	url = {https://isprs-archives.copernicus.org/articles/XLI-B2/553/2016/isprs-archives-XLI-B2-553-2016.html},
	journal = {The International Archives of the Photogrammetry, Remote Sensing and Spatial Information Sciences},
	author = {Jiang, W. and Wang, Y. and Tsou, M. H. and \textbf{Fu, X.}},
	year = {2016},
	note = {Publisher: Copernicus GmbH},
	pages = {553--554},
	keywords={J},
}


@article{wang_network-constrained_2018,
	title = {Network-{Constrained} {Spatial} {Point} {Pattern} {Analysis} for {Commercial} {Facilities}},
	volume = {43},
	url = {http://ch.whu.edu.cn/en/article/doi/10.13203/j.whugis20160558},
	number = {11},
	journal = {Geomatics and Information Science of Wuhan University},
	author = {Wang, Teng and Wang, Yandong and Zhao, Xiaoming and \textbf{Fu, Xiaokang} and Jiang, Botao},
	year = {2018},
	pages = {1746--1752},
	keywords={J},
}


@article{wang_revealing_2023,
	title = {Revealing the spatial co-occurrence patterns of multi-emotions from social media data},
	volume = {84},
	url = {https://www.sciencedirect.com/science/article/pii/S0736585323000898},
	journal = {Telematics and Informatics},
	author = {Wang, Dongyang and Wang, Yandong and \textbf{Fu, Xiaokang} and Dou, Mingxuan and Dong, Shihai and Zhang, Duocai},
	year = {2023},
	note = {Publisher: Elsevier},
	pages = {102025},
	keywords={J},
}


@article{fu_comparative_2023-1,
	title = {a {Comparative} {Study} of {Methods} for {Drive} {Time} {Estimation} on {Geospatial} {Big} {Data}: a {Case} {Study} in {USA}},
	volume = {48},
	shorttitle = {a {Comparative} {Study} of {Methods} for {Drive} {Time} {Estimation} on {Geospatial} {Big} {Data}},
	url = {https://par.nsf.gov/biblio/10492127},
	journal = {The International Archives of the Photogrammetry, Remote Sensing and Spatial Information Sciences},
	author = {\textbf{Fu, X.} and Kakkar, D. and Chen, J. and Moynihan, K. M. and Hegland, T. A. and Blossom, J.},
	year = {2023},
	keywords={J},
}


@article{qiao_realistic_2021,
	title = {A realistic and multilevel measurement of citywide spatial patterns of economic segregation based on human activities},
	volume = {110},
	url = {https://www.sciencedirect.com/science/article/pii/S0264275120314153},
	journal = {Cities},
	author = {Qiao, Mengling and Wang, Yandong and Wu, Shanmei and \textbf{Fu, Xiaokang} and Gu, Yanyan and Dou, Mingxuan},
	year = {2021},
	note = {Publisher: Elsevier},
	pages = {103067},
	keywords={J},
}

@article{liu_geospatial_2024,
	title = {Geospatial {Analytics} {Extension} for {KNIME}},
	volume = {25},
	url = {https://www.sciencedirect.com/science/article/pii/S2352711023003230},
	journal = {SoftwareX},
	author = {Liu, Lingbo and \textbf{Fu, Xiaokang} and Kötter, Tobias and Sturm, Kevin and Haubold, Carsten and Guan, Weihe Wendy and Bao, Shuming and Wang, Fahui},
	year = {2024},
	note = {Publisher: Elsevier},
	pages = {101627},
	keywords={J},
}


@Article{info:doi/10.2196/47225,
author="Wang, Siqin
and Ning, Huan
and Huang, Xiao
and Xiao, Yunyu
and Zhang, Mengxi
and Yang, Ellie Fan
and Sadahiro, Yukio
and Liu, Yan
and Li, Zhenlong
and Hu, Tao
and \textbf{Fu, Xiaokang}
and Li, Zi
and Zeng, Ye",
title="Public Surveillance of Social Media for Suicide Using Advanced Deep Learning Models in Japan: Time Series Study From 2012 to 2022",
journal="J Med Internet Res",
year="2023",
month="6",
day="2",
volume="25",
pages="e47225",
issn="1438-8871",
doi="10.2196/47225",
url="https://www.jmir.org/2023/1/e47225",
keywords={J},

}




@misc{chen_global_2024,
	title = {Global {Public} {Sentiment} on {Decentralized} {Finance}: {A} {Spatiotemporal} {Analysis} of {Geo}-tagged {Tweets} from 150 {Countries}},
	shorttitle = {Global {Public} {Sentiment} on {Decentralized} {Finance}},
	url = {http://arxiv.org/abs/2409.00843},
	doi = {10.48550/arXiv.2409.00843},
	publisher = {arXiv},
	author = {Chen, Yuqi and Li, Yifan and Zhou, Kyrie Zhixuan and \textbf{Fu, Xiaokang} and Liu, Lingbo and Bao, Shuming and Sui, Daniel and Zhang, Luyao},
	month = sep,
	year = {2024},
	note = {arXiv:2409.00843 [econ]},
	keywords={J},
}

% Conferences
% #########################################################
@inproceedings{Conf1,
    author={\textbf{Smith, John R.} and Brown, Michael and Yang, Steven},
    title = {{Paper Title Goes Here}},
    booktitle = {Proceedings of the Super Cool Conference},
    volume={15},
    pages={1-10},
    number={1},
    year = {2021},
    url={https://example.com},
    keywords={C}
}

@inproceedings{Conf2,
	author={\textbf{Smith, John R.}},
    title = {{Paper Title Goes Here}},
    booktitle = {Proceedings of the Super Duper Cool Conference},
    volume={15},
    pages={1-10},
    number={1},
    year = {2021},
    url={https://example.com},
    keywords={C}
}



% Working papers
% All of the non-standard items require the flexible "misc" class
% #########################################################

@misc{artcraft1,
    title={Unequal Access to China's Arts and Crafts Markets: Spatial Disparities Between Retired and Non-Retired Groups},
    author={{Lin Zhang}$^{\dagger}$ and \textbf{Xiaokang Fu}$^{\dagger}$ and Xiao Huang},
    howpublished={Submit @ JAG},
    year={2025},
    keywords={R}
}

@misc{91160study,
    title={Calibration of 2SFCA and i2SFCA. A Case Study from
Shenzhen, China Based on Online Physician
Appointment Data},
    author={\textbf{Xiaokang Fu} and Lingbo Liu and Meifang Li and Xiao Huang and Bi Yu Chen},
    howpublished={Submit @ Cities},
    year={2025},
    keywords={R}
}

% Talks
% #########################################################

@misc{TalkinFOSS4G2023,
    title   = {Inferring urban air quality based on social media},
    author  = {\textbf{Xiaokang Fu} and Devika Kakkar},
    howpublished={\ul{2023 Free and Open Source Software for Geospatial Conference} (Prizren, Kosovo)},
    note = {\href{https://talks.osgeo.org/foss4g-2023-academic-track/talk/PXY33K/}{Link}},
    month    = jun,
    year    = {2023},
    keywords={T}
}



@misc{TalkinCPGIS2017,
    title   = {Inferring urban air quality based on social media},
    author  = {\textbf{Xiaokang Fu}},
    howpublished={\ul{2017 CPGIS Annual Conference} (Buffalo, NY, USA)},
    month    = aug,
    year    = {2017},
    keywords={T}
}

@misc{TalkinAAG2024,
    title={Digital humanities infrastructure based on open-source executable workflows—A case study of spatial mobility of premodern Chinese literati.},
    author={\textbf{Xiaokang Fu}},
    howpublished={\ul{2024 AAG Annual Meeting} (Honolulu, HI, USA)},
    note = {\href{https://www.aag.org/wp-content/uploads/2024/04/AAG-2024-PDF-program-FINAL.pdf}{Link}},
    month=apr,
    year={2024},
    keywords={T}
}

@misc{TalkinAAG2023,
    title={Validation, calibration, and estimation of 2SFCA
and i2SFCA. A case study from Shenzhen, China based on online appointment data.},
    author={\textbf{Xiaokang Fu},  Lingbo Liu and Meifang Li},
    howpublished={\ul{2023 AAG Annual Meeting} (Denver, CO, USA)},
    note = {\href{https://www.aag.org/wp-content/uploads/2023/03/AAG-2023-PDF-program.pdf}{Link}},
    month=mar,
    year={2023},
    keywords={T}
}

@misc{Talkinsds2024,
    title={Replicable Spatial Data Analysis with Geospatial Analytics for KNIME.},
    author={\textbf{Xiaokang Fu}},
    howpublished={\ul{2024 The Symposium on Spatiotemporal Data Science} (Arlington, VA, USA)},
    note = {\href{https://sdl.gis.harvard.edu/sites/projects.iq.harvard.edu/files/agenda_2024_3_1.pdf}{Link}},
    month=jul,
    year={2024},
    keywords={T}
}


% Posters
% #########################################################
@misc{Posterinagu2024,
    title   = {{Flood Extraction Using Spaceborne Ka-Band SAR Images.}},
    author  = {Yuanxin Zhao; Jialei Wang; Maoqiang Jing; Huan Zhou and \textbf{Xiaokang Fu}},
    howpublished={\ul{2024 American Geophysical Union Conference (AGU24)} (Washington, D.C, USA)},
    note={
        \href{https://agu.confex.com/agu/agu24/meetingapp.cgi/Paper/1668535}{Link}
    },
    month    = dec,
    year    = {2024},
    keywords={P}
}


@misc{PosterinAGU242,
    title   = {{AcmNet: A Dual-Branch Attention-Based Deep Learning Framework for Improving Large-Scale Crop Mapping Using Sparse Seasonal Satellite Imagery.}},
    author  = {Nan Jia and Zhan Zhang and Jianguo Liu and Andrés Viña and Xin Lan and Ru Wang and Zhiwen Cai and Yinshuai Li and \textbf{Xiaokang Fu} and Qiong Hu and Wenbin Wu and Qian Song},
    howpublished={\ul{2024 American Geophysical Union Conference (AGU24)} (Washington, D.C, USA)},
    note={
        \href{https://agu.confex.com/agu/agu24/meetingapp.cgi/Person/1109900}{Link}
    },
    month    = dec,
    year    = {2024},
    keywords={P}
}


% Demonstrations and Tutorials
% #########################################################

@misc{demo1,
    author = {\textbf{Smith, John}},
    title = {Exciting demonstration.},
    howpublished = {\ul{Another Cool Conference} Workshop on Technical Things (Cambridge, MA, USA)},
    month = apr,
    year = {2022},
    keywords ={D}
}
@misc{demo2,
    author = {\textbf{Smith, John}},
    title = {CoVaxxy: Linking COVID-19 vaccine adoption and online (mis)information.},
    note = {Include links this way for the \href{https://example.com}{Cool Organization}},
    month = jun,
    year = {2021},
    keywords ={D}
}

